@article{alani2001voronoi,
  title={Voronoi-based region approximation for geographical information retrieval with gazetteers},
  author={Alani, Harith and Jones, Christopher B and Tudhope, Douglas},
  journal={International Journal of Geographical Information Science},
  volume={15},
  number={4},
  pages={287--306},
  year={2001},
  publisher={Taylor \& Francis}
}
@inproceedings{schockaert2005automatic,
  title={Automatic acquisition of fuzzy footprints},
  author={Schockaert, Steven and De Cock, Martine and Kerre, Etienne},
  booktitle={On the Move to Meaningful Internet Systems 2005: OTM 2005 Workshops},
  pages={1077--1086},
  year={2005},
  organization={Springer}
}
